%% This BibTeX bibliography file was created using BibDesk.
%% http://bibdesk.sourceforge.net/

%% Created for Samuel Barton at 2016-02-28 16:04:11 -0500 


%% Saved with string encoding Unicode (UTF-8) 



@article{first_measurement,
	Author = {J. J. Thomsen},
	Date-Added = {2016-02-28 21:01:46 +0000},
	Date-Modified = {2016-02-28 21:02:31 +0000},
	Journal = {The Electrician},
	Pages = {104},
	Title = {Cathode rays},
	Volume = {39},
	Year = {1897}}

@article{kaufmann,
	Author = {Kaufmann, W.},
	Date-Added = {2016-02-28 20:51:44 +0000},
	Date-Modified = {2016-02-28 20:52:02 +0000},
	Doi = {10.1002/andp.18972970709},
	Issn = {1521-3889},
	Journal = {Annalen der Physik},
	Number = {7},
	Pages = {544--552},
	Publisher = {WILEY-VCH Verlag},
	Title = {Die magnetische Ablenkbarkeit der Kathodenstrahlen und ihre Abh{\"a}ngigkeit vom Entladungspotential},
	Url = {http://dx.doi.org/10.1002/andp.18972970709},
	Volume = {297},
	Year = {1897},
	Bdsk-Url-1 = {http://dx.doi.org/10.1002/andp.18972970709}}

@book{thomsen,
	Author = {J. J. Thomsen},
	Date-Added = {2016-02-28 20:40:15 +0000},
	Date-Modified = {2016-02-28 20:42:15 +0000},
	Pages = {332},
	Publisher = {Bell},
	Title = {Recollections and Reflections},
	Year = {1937}}

@article{schuster,
	Author = {Arthur Schuster},
	Date-Added = {2016-02-28 20:36:40 +0000},
	Date-Modified = {2016-02-28 20:38:34 +0000},
	Journal = {Proceedings of the Royal Society of London},
	Pages = {526-561},
	Title = {The Discharge of Electricity through Gasses},
	Volume = {47},
	Year = {1889}}

@article{detailed_b_helmholtz,
	Author = {M. S. Crosser and Steven Scott and Adam Clark and P. M. Wilt},
	Date-Added = {2016-02-28 20:14:05 +0000},
	Date-Modified = {2016-02-28 20:25:14 +0000},
	Journal = {Review of Scientific Instruments},
	Title = {On the magnetic field near the center of Helmholtz coils},
	Volume = {81},
	Year = {2010}}

@misc{github,
	Author = {Samuel Barton},
	Date-Added = {2016-02-27 17:50:49 +0000},
	Date-Modified = {2016-02-27 17:59:21 +0000},
	Howpublished = {\url{https://github.com/samuel-barton/ilab/tree/master/e_over_m}},
	Month = {February},
	Title = {Github repository: data and error analysis},
	Year = {2016}}

@article{BHelmholtz,
	Author = {Richart C. Calhoun},
	Date-Added = {2016-02-26 01:56:57 +0000},
	Date-Modified = {2016-02-26 01:59:04 +0000},
	Journal = {American Journal of Physics},
	Pages = {1399},
	Title = {An elementary derivation of the midplane magnetic field inside a pair of Helmholtz coils},
	Volume = {64},
	Year = {1996}}

@article{origin,
	Author = {K.T Bainbridge},
	Date-Added = {2016-02-26 00:56:07 +0000},
	Date-Modified = {2016-02-26 00:58:49 +0000},
	Journal = {American Journal of Physics},
	Month = {February},
	Number = {1},
	Pages = {35-36},
	Title = {The Specific Charge of the Electron},
	Volume = {6},
	Year = {1938}}

@misc{value,
	Author = {NIST},
	Date-Added = {2016-02-25 22:31:36 +0000},
	Date-Modified = {2016-02-27 17:57:32 +0000},
	Howpublished = {\url{http://physics.nist.gov/cgi-bin/cuu/Value?esme}},
	Month = {February},
	Title = {Value of charge-to-mass ratio},
	Year = {2016}}
